@online{blockylang,
    title = "VEX V5 Blockly Language Guide",
    url  = "https://docs.robotmesh.com/v5blocklyguide",
}

@online{blockyref,
    title = "V5 Blockly Sidebar Reference",
    url  = "https://docs.robotmesh.com/v5-blockly-sidebar-reference",
}

@online{mujweb,
    author = "Tomáš Sláma",
    title = "Robotics Simplified",
    url  = "https://xiaoxiae.github.io/Robotics-Simplified-Website/",
}

@online{rotarywiki,
    title = "Rotary encoder - Wikipedia",
    url = "https://en.wikipedia.org/wiki/Rotary_encoder",
}

@online{motor,
    title = "V5 Smart Motor \& Gear Cartridges - VEX Robotics",
    url = "https://www.vexrobotics.com/276-4840.html",
}

@online{bumper,
    title = "Bumper Switch v2 (2-Pack) - VEX Robotics",
    url = "https://www.vexrobotics.com/276-4858.html",
}

@online{HomeRobotMesh,
    title = "Robot Mesh",
    url = "https://www.robotmesh.com/",
}
